%Style translation
@article{hsu2005style,
  title={Style translation for human motion},
  author={Hsu, Eugene and Pulli, Kari and Popovi{\'c}, Jovan},
  journal={ACM Transactions on Graphics (TOG)},
  volume={24},
  number={3},
  pages={1082--1089},
  year={2005},
  publisher={ACM}
}

%Motion Warping
@inproceedings{witkin1995motion,
  title={Motion warping},
  author={Witkin, Andrew and Popovic, Zoran},
  booktitle={Proceedings of the 22nd annual conference on Computer graphics and interactive techniques},
  pages={105--108},
  year={1995},
  organization={ACM}
}

%Keyframe Extraction
@article{halit2011multiscale,
  title={Multiscale motion saliency for keyframe extraction from motion capture sequences},
  author={Halit, Cihan and Capin, Tolga},
  journal={Computer Animation and Virtual Worlds},
  volume={22},
  number={1},
  pages={3--14},
  year={2011},
  publisher={Wiley Online Library}
}

%Smoothmax reference
@inproceedings{tassa2012synthesis,
  title={Synthesis and stabilization of complex behaviors through online trajectory optimization},
  author={Tassa, Yuval and Erez, Tom and Todorov, Emanuel},
  booktitle={Intelligent Robots and Systems (IROS), 2012 IEEE/RSJ International Conference on},
  pages={4906--4913},
  year={2012},
  organization={IEEE}
}

%Kinematic reference
@book{zatsiorsky2002kinetics,
  title={Kinetics of human motion},
  author={Zatsiorsky, Vladimir M},
  year={2002},
  publisher={Human Kinetics}
}

%Lie group reference - Mathmatical introduction
@book{murray1994mathematical,
  title={A mathematical introduction to robotic manipulation},
  author={Murray, Richard M and Li, Zexiang and Sastry, S Shankar and Sastry, S Shankara},
  year={1994},
  publisher={CRC press}
}

%Digital Tutors
@misc{DigitalTutor2013,
  title={Digital Tutor: Map motion capture data to your custom rig},
  author={Delano Athias},
  year={2013},
  howpublished = {\url{http://www.digitaltutors.com/tutorial/926-Retargeting-MoCap-to-Custom-Rigs-in-Maya}}
}


%IK clamping article
@article{buss2004introduction,
  title={Introduction to inverse kinematics with jacobian transpose, pseudoinverse and damped least squares methods},
  author={Buss, Samuel R},
  journal={IEEE Journal of Robotics and Automation},
  volume={17},
  number={1-19},
  pages={16},
  year={2004}
}

%seol et al. 2011
@inproceedings{seol2011artist,
  title={Artist friendly facial animation retargeting},
  author={Seol, Yeongho and Seo, Jaewoo and Kim, Paul Hyunjin and Lewis, JP and Noh, Junyong},
  booktitle={ACM Transactions on Graphics (TOG)},
  volume={30},
  number={6},
  pages={162},
  year={2011},
  organization={ACM}
}

%Orvalho et al, 2012
@inproceedings{orvalho2012facial,
  title={A facial rigging survey},
  author={Orvalho, Ver{\'o}nica and Bastos, Pedro and Parke, Frederic and Oliveira, Bruno and Alvarez, Xenxo},
  booktitle={in Proc. of the 33rd Annual Conference of the European Association for Computer Graphics-Eurographics},
  pages={10--32},
  year={2012}
}

%Mark W. et al, 2001
@book{mark2001practical,
  title={Practical meta-analysis},
  author={Mark W.. Lipsey and Wilson, David B},
  volume={49},
  year={2001},
  publisher={Sage publications Thousand Oaks, CA}
}

% Maya
@book{palamar2013mastering,
  title={Mastering Autodesk Maya 2014: Autodesk Official Press},
  author={Palamar, Todd},
  year={2013},
  publisher={John Wiley \& Sons}
}

% 관련 연구 1
@article{blanco2010tutorial,
  title={A tutorial on se (3) transformation parameterizations and on-manifold optimization},
  author={Blanco, Jose-Luis},
  journal={University of Malaga, Tech. Rep},
  year={2010},
  publisher={Citeseer}
}

%2010 ESL Ho. et al.
@inproceedings{ho2010spatial,
  title={Spatial relationship preserving character motion adaptation},
  author={Ho, Edmond SL and Komura, Taku and Tai, Chiew-Lan},
  booktitle={ACM Transactions on Graphics (TOG)},
  volume={29},
  number={4},
  pages={33},
  year={2010},
  organization={ACM}
}

%D.Holden, 2015
@inproceedings{holden2015learning,
  title={Learning an inverse rig mapping for character animation},
  author={Holden, Daniel and Saito, Jun and Komura, Taku},
  booktitle={Proceedings of the 14th ACM SIGGRAPH/Eurographics Symposium on Computer Animation},
  pages={165--173},
  year={2015},
  organization={ACM}
}

%T.McLaughlin et al, 2011
@inproceedings{mclaughlin2011character,
  title={Character rigging, deformations, and simulations in film and game production},
  author={McLaughlin, Tim and Cutler, Larry and Coleman, David},
  booktitle={ACM SIGGRAPH 2011 Courses},
  pages={5},
  year={2011},
  organization={ACM}
}

%%%Related Work papers

%Automatic Rigging TOG 2007
@inproceedings{baran2007automatic,
  title={Automatic rigging and animation of 3d characters},
  author={Baran, Ilya and Popovi{\'c}, Jovan},
  booktitle={ACM Transactions on Graphics (TOG)},
  volume={26},
  number={3},
  pages={72},
  year={2007},
  organization={ACM}
}

%RigMesh TOG 2012
@article{borosan2012rigmesh,
  title={Rigmesh: automatic rigging for part-based shape modeling and deformation},
  author={Boros{\'a}n, P{\'e}ter and Jin, Ming and DeCarlo, Doug and Gingold, Yotam and Nealen, Andrew},
  journal={ACM Transactions on Graphics (TOG)},
  volume={31},
  number={6},
  pages={198},
  year={2012},
  publisher={ACM}
}

%Automatic Rigging CGF 2015
@inproceedings{bang2015interactive,
  title={Interactive Rigging with Intuitive Tools},
  author={Bang, Seungbae and Choi, Byungkuk and Blanco i Ribera, Roger and Kim, Meekyoung and Lee, Sung-Hee and Noh, Junyong},
  booktitle={Computer Graphics Forum},
  volume={34},
  number={7},
  pages={123--132},
  year={2015},
  organization={Wiley Online Library}
}

%Rig Retarget GI 2009
@inproceedings{poirier2009rig,
  title={Rig retargeting for 3d animation},
  author={Poirier, Martin and Paquette, Eric},
  booktitle={Proceedings of Graphics Interface 2009},
  pages={103--110},
  year={2009},
  organization={Canadian Information Processing Society}
}
%Rigging Transfer
@article{seo2010rigging,
  title={Rigging transfer},
  author={Seo, Jaewoo and Seol, Yeongho and Wi, Daehyeon and Kim, Younghui and Noh, Junyong},
  journal={Computer Animation and Virtual Worlds},
  volume={21},
  number={3-4},
  pages={375--386},
  year={2010},
  publisher={Wiley Online Library}
}

%Rig space Physix
@article{hahn2012rig,
  title={Rig-space physics},
  author={Hahn, Fabian and Martin, Sebastian and Thomaszewski, Bernhard and Sumner, Robert and Coros, Stelian and Gross, Markus},
  journal={ACM transactions on graphics (TOG)},
  volume={31},
  number={4},
  pages={72},
  year={2012},
  publisher={ACM}
}

%Efficient rig space physix
@inproceedings{hahn2013efficient,
  title={Efficient simulation of secondary motion in rig-space},
  author={Hahn, Fabian and Thomaszewski, Bernhard and Coros, Stelian and Sumner, Robert W and Gross, Markus},
  booktitle={Proceedings of the 12th ACM SIGGRAPH/Eurographics Symposium on Computer Animation},
  pages={165--171},
  year={2013},
  organization={ACM}
}

%Normalized skeleton
@inproceedings{kulpa2005morphology,
  title={Morphology-independent representation of motions for interactive human-like animation},
  author={Kulpa,  R and Multon,  F and Arnaldi, Bruno},
  booktitle={Computer Graphics Forum},
  volume={24},
  number={3},
  pages={343--351},
  year={2005},
  organization={Wiley Online Library}
}

%Human action recognition Lie group
@inproceedings{vemulapalli2014human,
  title={Human action recognition by representing 3d skeletons as points in a lie group},
  author={Vemulapalli, Raviteja and Arrate, Felipe and Chellappa, Rama},
  booktitle={Computer Vision and Pattern Recognition (CVPR), 2014 IEEE Conference on},
  pages={588--595},
  year={2014},
  organization={IEEE}
}

%Retargeting motion new character
@inproceedings{gleicher1998retargetting,
  title={Retargetting motion to new characters},
  author={Gleicher, Michael},
  booktitle={Proceedings of the 25th annual conference on Computer graphics and interactive techniques},
  pages={33--42},
  year={1998},
  organization={ACM}
}

%On-line motion Retargeting
@inproceedings{choi1999line,
  title={On-line motion retargetting},
  author={Choi, Kwang-Jin and Ko, Hyeong-Seok},
  booktitle={Computer Graphics and Applications, 1999. Proceedings. Seventh Pacific Conference on},
  pages={32--42},
  year={1999},
  organization={IEEE}
}

%Realtime Motion Retargeting
@article{shin2001computer,
  title={Computer puppetry: An importance-based approach},
  author={Shin, Hyun Joon and Lee, Jehee and Shin, Sung Yong and Gleicher, Michael},
  journal={ACM Transactions on Graphics (TOG)},
  volume={20},
  number={2},
  pages={67--94},
  year={2001},
  publisher={ACM}
}
%Intermediate Joint Retargeting
@inproceedings{monzani2000using,
  title={Using an intermediate skeleton and inverse kinematics for motion retargeting},
  author={Monzani, Jean-S{\'e}bastien and Baerlocher, Paolo and Boulic, Ronan and Thalmann, Daniel},
  booktitle={Computer Graphics Forum},
  volume={19},
  number={3},
  pages={11--19},
  year={2000},
  organization={Wiley Online Library}
}

%Spore Retargeting
@inproceedings{hecker2008real,
  title={Real-time motion retargeting to highly varied user-created morphologies},
  author={Hecker, Chris and Raabe, Bernd and Enslow, Ryan W and DeWeese, John and Maynard, Jordan and van Prooijen, Kees},
  booktitle={ACM Transactions on Graphics (TOG)},
  volume={27},
  number={3},
  pages={27},
  year={2008},
  organization={ACM}
}
%Seol Retargeting
@inproceedings{seol2013creature,
  title={Creature features: online motion puppetry for non-human characters},
  author={Seol, Yeongho and O'Sullivan, Carol and Lee, Jehee},
  booktitle={Proceedings of the 12th ACM SIGGRAPH/Eurographics Symposium on Computer Animation},
  pages={213--221},
  year={2013},
  organization={ACM}
}